; Beancount ledger generated by claude-for-accounting
; title: Golden Mini Sdn. Bhd.
option "title" "Golden Mini Sdn. Bhd."
option "operating_currency" "MYR"

1970-01-01 open Assets:Accumulated-Depreciation-Computer-Equipment-1398 MYR
1970-01-01 open Assets:Accumulated-Depreciation-Equipment-1399 MYR
1970-01-01 open Assets:Accumulated-Depreciation-Motor-Vehicle-1397 MYR
1970-01-01 open Assets:Amount-Due-from-Directors-1110 MYR
1970-01-01 open Assets:Amount-Due-from-Related-Parties-1120 MYR
1970-01-01 open Assets:Cash-And-Bank-1000 MYR
1970-01-01 open Assets:Deposits-1220 MYR
1970-01-01 open Assets:Intangible-Assets-1400 MYR
1970-01-01 open Assets:Inventory-Stock-1500 MYR
1970-01-01 open Assets:Other-Receivables-1200 MYR
1970-01-01 open Assets:PPE-Computer-Equipment-1310 MYR
1970-01-01 open Assets:PPE-Motor-Vehicle-1320 MYR
1970-01-01 open Assets:PPE-Office-Equipment-And-Furniture-1330 MYR
1970-01-01 open Assets:PPE-PhotographyVideo-Equipment-1300 MYR
1970-01-01 open Assets:PPE-Renovation-And-Improvements-1340 MYR
1970-01-01 open Assets:Prepayments-1210 MYR
1970-01-01 open Assets:Trade-Receivables-1100 MYR
1970-01-01 open Equity:Current-Year-Profit-Loss-3300 MYR
1970-01-01 open Equity:Deferred-Tax-Expense-Benefit-9100 MYR
1970-01-01 open Equity:Retained-Earnings-Prior-Years-3200 MYR
1970-01-01 open Equity:Share-Capital-3000 MYR
1970-01-01 open Equity:Shareholders-Capital-Contribution-3100 MYR
1970-01-01 open Equity:Tax-Expense-Current-Year-9000 MYR
1970-01-01 open Expenses:Advertising-And-Marketing-5500 MYR
1970-01-01 open Expenses:Allowances-5010 MYR
1970-01-01 open Expenses:Bad-Debts-Written-Off-6000 MYR
1970-01-01 open Expenses:Bank-Charges-5980 MYR
1970-01-01 open Expenses:Bonus-5040 MYR
1970-01-01 open Expenses:Commission-5020 MYR
1970-01-01 open Expenses:Courier-And-Postage-5920 MYR
1970-01-01 open Expenses:Depreciation-Building-Renovation-5330 MYR
1970-01-01 open Expenses:Depreciation-Computer-Equipment-5310 MYR
1970-01-01 open Expenses:Depreciation-Equipment-5300 MYR
1970-01-01 open Expenses:Depreciation-Motor-Vehicle-5320 MYR
1970-01-01 open Expenses:Director-Remuneration-5035 MYR
1970-01-01 open Expenses:Donation-6300 MYR
1970-01-01 open Expenses:Doubtful-Debts-Provision-6010 MYR
1970-01-01 open Expenses:EIS-Employer-Contribution-5120 MYR
1970-01-01 open Expenses:EPF-Employer-Contribution-5100 MYR
1970-01-01 open Expenses:Entertainment-And-Hospitality-5800 MYR
1970-01-01 open Expenses:Foreign-Exchange-Loss-6100 MYR
1970-01-01 open Expenses:HRDF-Levy-5130 MYR
1970-01-01 open Expenses:Insurance-5600 MYR
1970-01-01 open Expenses:Interest-Expense-5990 MYR
1970-01-01 open Expenses:Legal-And-Audit-Fees-5520 MYR
1970-01-01 open Expenses:Miscellaneous-Expenses-5970 MYR
1970-01-01 open Expenses:Motor-Vehicle-Expenses-5910 MYR
1970-01-01 open Expenses:Office-Supplies-And-Consumables-5700 MYR
1970-01-01 open Expenses:Penalties-And-Fines-6200 MYR
1970-01-01 open Expenses:Printing-And-Stationery-5950 MYR
1970-01-01 open Expenses:Professional-And-Membership-Fees-5510 MYR
1970-01-01 open Expenses:Property-Maintenance-5220 MYR
1970-01-01 open Expenses:Rental-Expense-5200 MYR
1970-01-01 open Expenses:Repairs-And-Maintenance-5960 MYR
1970-01-01 open Expenses:SOCSO-Employer-Contribution-5110 MYR
1970-01-01 open Expenses:Salary-And-Wages-5000 MYR
1970-01-01 open Expenses:Secretarial-Fees-5530 MYR
1970-01-01 open Expenses:Software-And-Subscriptions-5400 MYR
1970-01-01 open Expenses:Subcontractor-Freelancer-Costs-5030 MYR
1970-01-01 open Expenses:Transport-And-Travelling-5900 MYR
1970-01-01 open Expenses:Utilities-Electric-Water-Internet-5210 MYR
1970-01-01 open Expenses:Zakat-Perniagaan-6400 MYR
1970-01-01 open Income:Exempt-Income-4900 MYR
1970-01-01 open Income:Gain-on-Disposal-of-Assets-4400 MYR
1970-01-01 open Income:Interest-Income-4300 MYR
1970-01-01 open Income:Other-Income-4200 MYR
1970-01-01 open Income:Rental-Income-4500 MYR
1970-01-01 open Income:Service-Revenue-Primary-4000 MYR
1970-01-01 open Income:Service-Revenue-Secondary-4100 MYR
1970-01-01 open Liabilities:Accrued-Expenses-2200 MYR
1970-01-01 open Liabilities:Deferred-Tax-Liability-2700 MYR
1970-01-01 open Liabilities:EIS-Payable-2130 MYR
1970-01-01 open Liabilities:EPF-Payable-2110 MYR
1970-01-01 open Liabilities:Hire-Purchase-Creditor-Current-2400 MYR
1970-01-01 open Liabilities:Hire-Purchase-Creditor-Non-Current-2600 MYR
1970-01-01 open Liabilities:Loans-And-Borrowings-Current-2300 MYR
1970-01-01 open Liabilities:Loans-And-Borrowings-Non-Current-2500 MYR
1970-01-01 open Liabilities:Other-Payables-And-Accruals-2100 MYR
1970-01-01 open Liabilities:PCB-MTD-Payable-2140 MYR
1970-01-01 open Liabilities:SOCSO-Payable-2120 MYR
1970-01-01 open Liabilities:SST-Payable-2800 MYR
1970-01-01 open Liabilities:Salary-Payable-Accrued-Payroll-2150 MYR
1970-01-01 open Liabilities:Suspense-Account-2900 MYR
1970-01-01 open Liabilities:Trade-Payables-2000 MYR

2025-01-01 * "Opening balances"
  je: "JE-001"
  source: "prior_year_tb"
  Assets:Cash-And-Bank-1000  10000.00 MYR
  Equity:Share-Capital-3000  -10000.00 MYR

2025-03-15 * "Bank receipt - sales INV-001"
  je: "JE-002"
  source: "txn-001"
  Assets:Cash-And-Bank-1000  5000.00 MYR
  Income:Service-Revenue-Primary-4000  -5000.00 MYR

2025-04-01 * "Bank payment - rent"
  je: "JE-003"
  source: "txn-002"
  Expenses:Rental-Expense-5200  1000.00 MYR
  Assets:Cash-And-Bank-1000  -1000.00 MYR

2025-04-28 * "Bank payment - salary"
  je: "JE-004"
  source: "txn-003"
  Expenses:Salary-And-Wages-5000  2000.00 MYR
  Assets:Cash-And-Bank-1000  -2000.00 MYR

2025-12-31 * "Accrue professional fees"
  je: "YE-001"
  source: "ye_estimate"
  Expenses:Legal-And-Audit-Fees-5520  800.00 MYR
  Liabilities:Accrued-Expenses-2200  -800.00 MYR

